%%%%%%%%%%%%%%%%%%%%%%%%%%%%
% ----- Introduction ----- %
%%%%%%%%%%%%%%%%%%%%%%%%%%%%


%%%%%%%%%%%%%%%%%%%%%%%%%%
% ----- Simulation ----- %
%%%%%%%%%%%%%%%%%%%%%%%%%%
@misc{MagnetFeetAnswers, 
    title={Vacuum/Magnetic Feet for a Walking Robot edit}, 
    url={https://answers.gazebosim.org//question/14462/vacuummagnetic-feet-for-a-walking-robot/}, 
    journal={Gazebo}
}

@misc{GazeboVacuumGripper, 
    url={http://docs.ros.org/en/melodic/api/gazebo_plugins/html/group__GazeboRosVacuumGripper.html}, 
    journal={gazebo_plugins: Plugin XML Reference and Example}
}

%%%%%%%%%%%%%%%%%%%%%%%%%%%%%
% ----- Path Planning ----- %
%%%%%%%%%%%%%%%%%%%%%%%%%%%%%
@article{RAGS,
    author = {Jen Jen Chung, Ander J. Smith, Ray Skeele, Geoffrey A. Hollinger},
    title = {RIsk-aware graph search with dynamic edge cost discovery},
    journal = {The International Journal of Robotics Research},
    year = {2018},
    doi = {10.1177/0278364918781009},
    URL = {https://journals.sagepub.com/doi/10.1177/0278364918781009}
}

@article{RT_RTT,
    author = {Kourosh Nader, Joose Rajamaki, Perttu Hamalainen},
    title = {RT-RRT*: A Real-Time Path Planning Algorithm Based On RRT*},
    year = {2015},
    doi = {10.1145/2822013.2822036},
    URL = {https://users.aalto.fi/~hamalap5/FutureGameAnimation/p113-naderi.pdf}
}

@article{ROSControl,
    author = {Chitta, Sachin and Marder-Eppstein, Eitan and Meeussen, Wim and Pradeep, Vijay and Rodr{\'i}guez Tsouroukdissian, Adolfo  and Bohren, Jonathan and Coleman, David and Magyar, Bence and Raiola, Gennaro and L{\"u}dtke, Mathias and Fern{\'a}ndez Perdomo, Enrique},
    title = {ros\_control: A generic and simple control framework for ROS},
    journal = {The Journal of Open Source Software},
    year = {2017},
    doi = {10.21105/joss.00456},
    URL = {http://www.theoj.org/joss-papers/joss.00456/10.21105.joss.00456.pdf}
}

@article{CollisionAvoidance,
    author = {Utkarsh Kumar, Adrish Banerjee, Rahul Kala},
    title = {Collision avoiding decentralized sorting of robotic swarm},
    year = {2020},
    doi = {10.1007/s10489-019-01602-5},
    URL = {https://link.springer.com/article/10.1007%2Fs10489-019-01602-5}
}

@article{LeggedRobotsNavPlanning,
    author = {Joel Chestnutt},
    title = {Navigation Planning for Legged Robots},
    year = {2007},
    URL = {http://www.cs.cmu.edu/~cga/papers/chestnutt-thesis.pdf}
}